<?xml version="1.0" encoding="UTF-8"?><collection xmlns="http://www.loc.gov/MARC21/slim"><record><leader>00356nam--2200133-i-4500</leader><controlfield tag="001">000000184</controlfield><controlfield tag="002">20161230</controlfield><controlfield tag="005">20161230201023</controlfield><controlfield tag="008">060222s1000------------r-----000-0-eng-d</controlfield><datafield ind1=" " ind2=" " tag="080"><subfield code="a">621.371</subfield></datafield><datafield ind1=" " ind2=" " tag="100"><subfield code="a">Fuchs, Carol</subfield></datafield><datafield ind1=" " ind2=" " tag="245"><subfield code="a">Un dispozitiv directional in microunde</subfield></datafield><datafield ind1=" " ind2=" " tag="260"><subfield code="a">Bucuresti, Centrul De Documentare Si Publicatii Tehnice.72 P</subfield></datafield><datafield ind1=" " ind2=" " tag="852"><subfield code="a">28855</subfield></datafield></record></collection>